<?xml version="1.0" encoding="UTF-8"?><collection xmlns="http://www.loc.gov/MARC21/slim"><record><leader>00716nam--2200193-i-4500</leader><controlfield tag="001">000020403</controlfield><controlfield tag="002">20161230</controlfield><controlfield tag="005">20170128001021</controlfield><controlfield tag="008">060222s1000------------r-----000-0-eng-d</controlfield><datafield ind1=" " ind2=" " tag="040"><subfield code="a">IFIN-HH</subfield></datafield><datafield ind1=" " ind2=" " tag="080"><subfield code="a">539.171:537.8(061.3)</subfield></datafield><datafield ind1="1" ind2=" " tag="100"><subfield code="a">Rowell, Robert L</subfield></datafield><datafield ind1="1" ind2="0" tag="245"><subfield code="a">Electromagnetic scattering</subfield><subfield code="b">Proceedings of the second interdisciplinary conference on electromagnetic scattering held at the University of Massachusetts at Amherst, June 1965</subfield><subfield code="c">Robert L. Rowell, Richard S. Stein (eds.)</subfield></datafield><datafield ind1=" " ind2=" " tag="260"><subfield code="a">New York</subfield><subfield code="b">Gordon And Breach Science Publishers</subfield><subfield code="c">1967</subfield></datafield><datafield ind1=" " ind2=" " tag="300"><subfield code="a">XVII + 842 p</subfield></datafield><datafield ind1=" " ind2=" " tag="490"><subfield code="a">Proceedings Ices II</subfield></datafield><datafield ind1="1" ind2=" " tag="700"><subfield code="a">Stein, Richard S</subfield><subfield code="e">Ed</subfield></datafield><datafield ind1=" " ind2=" " tag="852"><subfield code="a">28124</subfield><subfield code="c">539.17</subfield></datafield><datafield ind1=" " ind2=" " tag="CAT"><subfield code="a">SYS</subfield><subfield code="c">20170128</subfield><subfield code="h">001021</subfield></datafield></record></collection>